@manual{NBR10520:2002,
  address      = {Rio de Janeiro},
  month        = {08},
  org-short    = {ABNT},
  organization = {Associação Brasileira de Normas Técnicas},
  subtitle     = {Informação e documentação --- Citações
                  em documentos --- Apresentação},
  title        = {{NBR} 10520},
  year         = 2002
}

@manual{NBR6023:2002,
  address      = {Rio de Janeiro},
  month        = {08},
  org-short    = {ABNT},
  organization = {Associação Brasileira de Normas Técnicas},
  subtitle     = {Informação e documentação --- Referências --- Apresentação},
  title        = {{NBR} 6023},
  year         = 2002
}

@manual{NBR6024:2012,
  address      = {Rio de Janeiro},
  month        = {02},
  org-short    = {ABNT},
  organization = {Associação Brasileira de Normas Técnicas},
  subtitle     = {Informação e documentação --- Numeração progressiva das seções de um documento escrito --- Apresentação},
  title        = {{NBR} 6024},
  year         = 2012
}

@manual{NBR6027:2012,
  address      = {Rio de Janeiro},
  month        = {12},
  org-short    = {ABNT},
  organization = {Associação Brasileira de Normas Técnicas},
  subtitle     = {Informação e documentação --- Sumário --- Apresentação},
  title        = {{NBR} 6027},
  year         = 2012
}

@manual{NBR6028:2003,
  address      = {Rio de Janeiro},
  month        = {11},
  org-short    = {ABNT},
  organization = {Associação Brasileira de Normas Técnicas},
  subtitle     = {Informação e documentação --- Resumo --- Apresentação},
  title        = {{NBR} 6028},
  year         = 2003
}

@manual{NBR14724:2011,
  address      = {Rio de Janeiro},
  month        = {03},
  org-short    = {ABNT},
  organization = {Associação Brasileira de Normas Técnicas},
  subtitle     = {Informação e documentação --- Trabalhos acadêmicos --- Apresentação},
  title        = {{NBR} 14724},
  year         = 2011
}

@book{ibge1993,
  address      = {Rio de Janeiro},
  author       = {IBGE},
  edition      = {3},
  org-short    = {IBGE},
  organization = {Fundação Instituto Brasileiro de Geografia e Estatística},
  publisher    = {Centro de Documentação e Disseminação de Informações.},
  title        = {Normas de apresentação tabular},
  url          = {http://biblioteca.ibge.gov.br/visualizacao/livros/liv23907.pdf},
  urldate      = {2019-08-16},
  year         = {1993}
}

@book{ibge2016,
  address      = {Rio de Janeiro},
  author       = {IBGE},
  edition      = {2},
  org-short    = {IBGE},
  organization = {Instituto Brasileiro de Geografia e Estatística},
  title        = {Arranjos populacionais e concentrações urbanas no Brasil},
  url          = {https://biblioteca.ibge.gov.br/visualizacao/livros/liv99700.pdf},
  urldate      = {2019-08-16},
  year         = {2016}
}

@manual{abntex2classe,
  author       = {Lauro César Araujo},
  organization = {Equipe abnTeX2},
  title        = {A classe abntex2},
  subtitle     = {Modelo canônico de trabalhos acadêmicos brasileiros compatível com as normas ABNT NBR 14724:2011, ABNT NBR 6024:2012 e outras},
  url          = {http://www.abntex.net.br/},
  urldate      = {2019-08-16},
  year         = {2015}
}

% FONTES REAIS

@book{Fowler02,
  author    = {Fowler, M.},
  title     = {Patterns of Enterprise Application Architecture},
  publisher = {Addison-Wesley},
  year      = {2002}
}

@book{Martin08,
  author    = {{Robert C. Martin}, Dean Wampler},
  title     = {Clean Code: A Handbook of Agile Software Craftsmanship},
  publisher = {Prentice Hall PTR},
  year      = {2008},
  isbn      = {9780132350884}
}

@book{Martin17,
  author    = {Robert C. Martin},
  title     = {Clean Architecture: A Craftsman's Guide to Software Structure and Design},
  publisher = {Pearson},
  year      = {2017},
  isbn      = {0134494164}
}

@article{martin2000design,
  title   = {Design principles and design patterns},
  author  = {Martin, Robert C},
  journal = {Object Mentor},
  volume  = {1},
  number  = {34},
  pages   = {597},
  year    = {2000}
}

@article{fielding2000,
  title     = {Architectural styles and the design of network-based software architectures},
  author    = {Fielding, Roy T},
  year      = {2000},
  publisher = {UNIVERSITY OF CALIFORNIA, IRVINE}
}

@book{masse2011rest,
  title     = {REST API design rulebook},
  author    = {Masse, Mark},
  year      = {2011},
  publisher = {" O'Reilly Media, Inc."}
}

@article{gokhale2018introduction,
  title   = {Introduction to IOT},
  author  = {Gokhale, Pradyumna and Bhat, Omkar and Bhat, Sagar},
  journal = {International Advanced Research Journal in Science, Engineering and Technology},
  volume  = {5},
  number  = {1},
  pages   = {41--44},
  year    = {2018}
}

@article{1236470,
  author  = {Turner, M. and Budgen, D. and Brereton, P.},
  journal = {Computer},
  title   = {Turning software into a service},
  year    = {2003},
  volume  = {36},
  number  = {10},
  pages   = {38-44},
  doi     = {10.1109/MC.2003.1236470}
}
  
@book{Erl2013,
  title     = {Cloud Computing: Concepts, Technology \& Architecture},
  author    = {Erl, Thomas and Puttini, Ricardo and Mahmood, Zaigham},
  year      = {2013},
  pages     = {528},
  publisher = {Pearson},
  isbn      = {9780133387520}
}

@online{COOLKIT,
  author  = {Shenzhen Coolkit Technology CO., LTD},
  title   = {CoolKit Open Platform 4.3},
  url     = {https://coolkit-technologies.github.io/eWeLink-API/#/en/PlatformOverview},
  urldate = {2024-11-23}
}

@online{COOLKITOAUTH,
  author  = {Shenzhen Coolkit Technology CO., LTD},
  title   = {OAuth2.0},
  url     = {https://coolkit-technologies.github.io/eWeLink-API/#/en/OAuth2.0},
  urldate = {2024-11-23}
}

@online{AWS,
  author  = {AWS},
  title   = {AWS},
  url     = {https://aws.amazon.com/pt/},
  urldate = {2025-02-11}
}

@online{AZURE,
  author  = {Microsoft},
  title   = {Azure},
  url     = {https://azure.microsoft.com/pt-br/},
  urldate = {2025-02-11}
}

@online{GCP,
  author  = {Google},
  title   = {Google Cloud Platform},
  url     = {https://cloud.google.com/},
  urldate = {2025-02-11}
}

@online{AWS_BEANS,
  author  = {AWS},
  title   = {AWS Elastic Beanstalk},
  url     = {https://aws.amazon.com/pt/elasticbeanstalk/},
  urldate = {2025-02-11}
}

@online{GOOGLE_APP_ENGINE,
  author  = {Google},
  title   = {Google App Engine},
  url     = {https://cloud.google.com/appengine},
  urldate = {2025-02-11}
}

@online{GITHUB_ACTIONS,
  author  = {Github},
  title   = {Github Actions},
  url     = {https://github.com/features/actions},
  urldate = {2025-02-11}
}
@online{JENKINS,
  author  = {Jenkins},
  title   = {Jenkins},
  url     = {https://www.jenkins.io/},
  urldate = {2025-02-11}
}

@online{AWS_IoT,
  author  = {AWS},
  title   = {AWS IoT Core},
  url     = {https://aws.amazon.com/pt/iot-core/},
  urldate = {2025-02-11}
}

@online{AZURE_IoT,
  author  = {Microsfot},
  title   = {Azure IoT Hub},
  url     = {https://azure.microsoft.com/pt-br/products/iot-hub},
  urldate = {2025-02-11}
}

@online{GOOGLE_IoT,
  author  = {Google},
  title   = {Google Cloud IoT},
  url     = {https://developers.google.com/iot},
  urldate = {2025-02-11}
}

@online{GOOGLE_WORKSPACE,
  author  = {Google},
  title   = {Google Workspace},
  url     = {https://workspace.google.com/},
  urldate = {2025-02-11}
}

@online{GOOGLE_DOCS,
  author  = {Google},
  title   = {Google Docs},
  url     = {https://docs.google.com/},
  urldate = {2025-02-11}
}

@online{GOOGLE_SHEETS,
  author  = {Google},
  title   = {Google Sheets},
  url     = {https://sheets.google.com/},
  urldate = {2025-02-11}
}

@online{GOOGLE_DRIVE,
  author  = {Google},
  title   = {Google Drive},
  url     = {https://drive.google.com/},
  urldate = {2025-02-11}
}

@online{SLACK,
  author  = {Slack},
  title   = {Slack},
  url     = {https://slack.com/},
  urldate = {2025-02-11}
}

@online{TEAMS,
  author  = {Microsfot},
  title   = {Microsfot Teams},
  url     = {https://www.microsoft.com/pt-br/microsoft-teams/log-in},
  urldate = {2025-02-11}
}

@online{SAP,
  author  = {SAP},
  title   = {SAP},
  url     = {https://www.sap.com/brazil/index.html},
  urldate = {2025-02-11}
}

@online{NETSUITE,
  author  = {NetSuite},
  title   = {NetSuite},
  url     = {https://www.netsuite.com/portal/br/home.shtml},
  urldate = {2025-02-11}
}
@online{NETFLIX,
  author  = {Netflix},
  title   = {Netflix},
  url     = {https://www.netflix.com/},
  urldate = {2025-02-11}
}

@online{SPOTIFY,
  author  = {Spotify},
  title   = {Spotify},
  url     = {https://www.spotify.com/},
  urldate = {2025-02-11}
}

@online{COURSERA,
  author  = {Coursera},
  title   = {Coursera},
  url     = {https://www.coursera.org/},
  urldate = {2025-02-11}
}

@online{KHANACADEMY,
  author  = {Khan Academy},
  title   = {Khan Academy},
  url     = {https://pt.khanacademy.org/},
  urldate = {2025-02-11}
}

@online{DOCKER,
  author  = {Docker},
  title   = {Docker},
  url     = {https://www.docker.com/},
  urldate = {2025-02-11}
}

@online{KUBERNETES,
  author  = {Kubernetes},
  title   = {Kubernetes},
  url     = {https://kubernetes.io/},
  urldate = {2025-02-11}
}

@online{TYPEORM,
  author  = {Typeorm},
  title   = {Typeorm},
  url     = {https://typeorm.io/},
  urldate = {2025-02-11}
}

@online{PRISMA,
  author  = {Prisma},
  title   = {Prisma},
  url     = {https://www.prisma.io/},
  urldate = {2025-02-11}
}

@online{PostgreSQL,
  author  = {PostgreSQL},
  title   = {PostgreSQL},
  url     = {https://www.postgresql.org/},
  urldate = {2025-02-11}
}

@online{MySQL,
  author  = {MySQL},
  title   = {MySQL},
  url     = {https://www.mysql.com/},
  urldate = {2025-02-11}
}

@online{Oracle,
  author  = {Oracle},
  title   = {Oracle Database},
  url     = {https://www.oracle.com/database/},
  urldate = {2025-02-11}
}

@online{MongoDB,
  author  = {MongoDB},
  title   = {MongoDB},
  url     = {https://www.mongodb.com/},
  urldate = {2025-02-11}
}

@online{Cassandra,
  author  = {Apache Cassandra},
  title   = {Cassandra},
  url     = {https://cassandra.apache.org/_/index.html},
  urldate = {2025-02-11}
}

@online{InfluxDB,
  author  = {InfluxData},
  title   = {InfluxDB},
  url     = {https://www.influxdata.com/},
  urldate = {2025-02-11}
}